
<record>
  <controlfield tag="001">114352</controlfield>
  <datafield tag="035" ind1=" " ind2=" ">
    <subfield code="z">D76-07610</subfield>
    <subfield code="9">DESY</subfield>
  </datafield>
  <datafield tag="035" ind1=" " ind2=" ">
    <subfield code="a">Burmester:1976hp</subfield>
    <subfield code="9">SPIRESTeX</subfield>
  </datafield>
  <datafield tag="245" ind1=" " ind2=" ">
    <subfield code="a">Data on e+ e- Collisions, Taken with the Magnetic Detector PLUTO</subfield>
  </datafield>
  <datafield tag="710" ind1=" " ind2=" ">
    <subfield code="g">PLUTO</subfield>
  </datafield>
</record>

</collection>